% Encoding: UTF-8

@Article{Fraser2013,
  author  = {Fraser, Gordon, and Andrea Arcuri},
  title   = {Whole test suite generation},
  journal = {IEEE Transactions on Software Engineering 39.2},
  year    = {2013},
}

@Article{Fraser2011,
  author  = {Fraser, Gordon and Andrea Arcuri},
  title   = {Evolutionary generation of whole test suites},
  journal = {Quality Software (QSIC), 11th International Conference on. IEEE},
  year    = {2011},
}

@Article{Scalabrino2016,
  author  = {Simone Scalabrino and Giovanni Grano and Dario Di Nucci and Rocco Oliveto and Andrea De Lucia},
  title   = {Search-Based Testing of Procedural Programs: Iterative Single-Target or Multi-target Approach?},
  journal = {International Symposium on Search Based Software Engineering. Springer International Publishing},
  year    = {2016},
}

@Article{Rojas2017,
  author  = {Jos√© Miguel Rojas and Mattia Vivanti and Andrea Arcuri and Gordon Fraser},
  title   = {A detailed investigation of the effectiveness of whole test suite generation},
  journal = {Empirical Software Engineering 22.2},
  year    = {2017},
}

@Comment{jabref-meta: databaseType:bibtex;}
