@MISC{AspectJ2007,
  author = {{Eclipse Foundation}},
  title = {{AspectJ} -- Homepage},
  year = {2007},
  note = {Last visited November 14, 2007},
  owner = {voorn},
  timestamp = {2007.11.14},
  url = {http://www.eclipse.org/aspectj/}
}

@INPROCEEDINGS{Shaw2003WritingGoodSoftwareEngineeringResearchPapersMinitutorial,
  author = {Mary Shaw},
  title = {Writing good software engineering research papers: minitutorial},
  booktitle = {Proceedings of the 25th International Conference on Software Engineering
	(ICSE 2003)},
  year = {2003},
  pages = {726--736},
  address = {Washington, DC, USA},
  publisher = {IEEE Computer Society},
  isbn = {0-7695-1877-X},
  location = {Portland, Oregon},
  owner = {voorn},
  timestamp = {2007.11.14}
}


@inproceedings{fraser2011evosuite,
  title={Evosuite: automatic test suite generation for object-oriented software},
  author={Fraser, Gordon and Arcuri, Andrea},
  booktitle={Proceedings of the 19th ACM SIGSOFT symposium and the 13th European conference on Foundations of software engineering},
  pages={416--419},
  year={2011},
  organization={ACM}
}

@article{rojas2017detailed,
  title={A detailed investigation of the effectiveness of whole test suite generation},
  author={Rojas, Jos{\'e} Miguel and Vivanti, Mattia and Arcuri, Andrea and Fraser, Gordon},
  journal={Empirical Software Engineering},
  volume={22},
  number={2},
  pages={852--893},
  year={2017},
  publisher={Springer}
}

@article{mcminn2004search,
  title={Search-based software test data generation: a survey},
  author={McMinn, Phil},
  journal={Software testing, Verification and reliability},
  volume={14},
  number={2},
  pages={105--156},
  year={2004},
  publisher={Wiley Online Library}
}

@article{wegener2001evolutionary,
  title={Evolutionary test environment for automatic structural testing},
  author={Wegener, Joachim and Baresel, Andr{\'e} and Sthamer, Harmen},
  journal={Information and Software Technology},
  volume={43},
  number={14},
  pages={841--854},
  year={2001},
  publisher={Elsevier}
}

@article{fraser2013whole,
  title={Whole test suite generation},
  author={Fraser, Gordon and Arcuri, Andrea},
  journal={IEEE Transactions on Software Engineering},
  volume={39},
  number={2},
  pages={276--291},
  year={2013},
  publisher={IEEE}
}

@article{fraser2015achieving,
  title={Achieving scalable mutation-based generation of whole test suites},
  author={Fraser, Gordon and Arcuri, Andrea},
  journal={Empirical Software Engineering},
  volume={20},
  number={3},
  pages={783--812},
  year={2015},
  publisher={Springer}
}

